%YAML 1.1
%TAG !u! tag:unity3d.com,2011:
--- !u!29 &1
SceneSettings:
  m_ObjectHideFlags: 0
  m_PVSData: 
  m_PVSObjectsArray: []
  m_PVSPortalsArray: []
  m_OcclusionBakeSettings:
    smallestOccluder: 5
    smallestHole: .25
    backfaceThreshold: 100
--- !u!104 &2
RenderSettings:
  m_ObjectHideFlags: 0
  serializedVersion: 6
  m_Fog: 0
  m_FogColor: {r: .5, g: .5, b: .5, a: 1}
  m_FogMode: 3
  m_FogDensity: .00999999978
  m_LinearFogStart: 0
  m_LinearFogEnd: 300
  m_AmbientSkyColor: {r: .200000003, g: .200000003, b: .200000003, a: 1}
  m_AmbientEquatorColor: {r: .200000003, g: .200000003, b: .200000003, a: 1}
  m_AmbientGroundColor: {r: .200000003, g: .200000003, b: .200000003, a: 1}
  m_AmbientIntensity: 1
  m_AmbientMode: 3
  m_SkyboxMaterial: {fileID: 0}
  m_HaloStrength: .5
  m_FlareStrength: 1
  m_FlareFadeSpeed: 3
  m_HaloTexture: {fileID: 0}
  m_SpotCookie: {fileID: 10001, guid: 0000000000000000e000000000000000, type: 0}
  m_DefaultReflectionMode: 0
  m_DefaultReflectionResolution: 128
  m_ReflectionBounces: 1
  m_ReflectionIntensity: 1
  m_CustomReflection: {fileID: 0}
  m_Sun: {fileID: 0}
--- !u!127 &3
LevelGameManager:
  m_ObjectHideFlags: 0
--- !u!157 &4
LightmapSettings:
  m_ObjectHideFlags: 0
  serializedVersion: 5
  m_GIWorkflowMode: 1
  m_LightmapsMode: 1
  m_GISettings:
    serializedVersion: 2
    m_BounceScale: 1
    m_IndirectOutputScale: 1
    m_AlbedoBoost: 1
    m_TemporalCoherenceThreshold: 1
    m_EnvironmentLightingMode: 0
    m_EnableBakedLightmaps: 1
    m_EnableRealtimeLightmaps: 0
  m_LightmapEditorSettings:
    serializedVersion: 3
    m_Resolution: 1
    m_BakeResolution: 50
    m_TextureWidth: 1024
    m_TextureHeight: 1024
    m_AOMaxDistance: 1
    m_Padding: 2
    m_CompAOExponent: 0
    m_LightmapParameters: {fileID: 0}
    m_TextureCompression: 0
    m_FinalGather: 0
    m_FinalGatherRayCount: 1024
  m_LightmapSnapshot: {fileID: 0}
  m_RuntimeCPUUsage: 25
--- !u!196 &5
NavMeshSettings:
  serializedVersion: 2
  m_ObjectHideFlags: 0
  m_BuildSettings:
    serializedVersion: 2
    agentRadius: .5
    agentHeight: 2
    agentSlope: 45
    agentClimb: .400000006
    ledgeDropHeight: 0
    maxJumpAcrossDistance: 0
    accuratePlacement: 0
    minRegionArea: 2
    cellSize: .166666657
    manualCellSize: 0
  m_NavMeshData: {fileID: 0}
--- !u!1001 &176366310
Prefab:
  m_ObjectHideFlags: 0
  serializedVersion: 2
  m_Modification:
    m_TransformParent: {fileID: 0}
    m_Modifications:
    - target: {fileID: 400000, guid: da85dd23b653c4b239a63a0157c87993, type: 2}
      propertyPath: m_LocalPosition.x
      value: .0536210015
      objectReference: {fileID: 0}
    - target: {fileID: 400000, guid: da85dd23b653c4b239a63a0157c87993, type: 2}
      propertyPath: m_LocalPosition.y
      value: -1.91040003
      objectReference: {fileID: 0}
    - target: {fileID: 400000, guid: da85dd23b653c4b239a63a0157c87993, type: 2}
      propertyPath: m_LocalPosition.z
      value: 0
      objectReference: {fileID: 0}
    - target: {fileID: 400000, guid: da85dd23b653c4b239a63a0157c87993, type: 2}
      propertyPath: m_LocalRotation.x
      value: 0
      objectReference: {fileID: 0}
    - target: {fileID: 400000, guid: da85dd23b653c4b239a63a0157c87993, type: 2}
      propertyPath: m_LocalRotation.y
      value: 0
      objectReference: {fileID: 0}
    - target: {fileID: 400000, guid: da85dd23b653c4b239a63a0157c87993, type: 2}
      propertyPath: m_LocalRotation.z
      value: 0
      objectReference: {fileID: 0}
    - target: {fileID: 400000, guid: da85dd23b653c4b239a63a0157c87993, type: 2}
      propertyPath: m_LocalRotation.w
      value: 1
      objectReference: {fileID: 0}
    - target: {fileID: 400000, guid: da85dd23b653c4b239a63a0157c87993, type: 2}
      propertyPath: m_RootOrder
      value: 4
      objectReference: {fileID: 0}
    - target: {fileID: 21200000, guid: da85dd23b653c4b239a63a0157c87993, type: 2}
      propertyPath: m_SortingOrder
      value: 191
      objectReference: {fileID: 0}
    - target: {fileID: 11400000, guid: da85dd23b653c4b239a63a0157c87993, type: 2}
      propertyPath: moveSpeed
      value: 1.39999998
      objectReference: {fileID: 0}
    m_RemovedComponents: []
  m_ParentPrefab: {fileID: 100100000, guid: da85dd23b653c4b239a63a0157c87993, type: 2}
  m_IsPrefabParent: 0
--- !u!4 &271281736 stripped
Transform:
  m_PrefabParentObject: {fileID: 400000, guid: 77c9f77cb19cd4552bacdc9a554731d9, type: 2}
  m_PrefabInternal: {fileID: 1038868127}
--- !u!1 &304970377
GameObject:
  m_ObjectHideFlags: 0
  m_PrefabParentObject: {fileID: 100002, guid: 219fd5deb41ea4d69b1a0faa87527f67, type: 2}
  m_PrefabInternal: {fileID: 0}
  serializedVersion: 4
  m_Component:
  - 224: {fileID: 304970378}
  - 222: {fileID: 304970380}
  - 114: {fileID: 304970379}
  m_Layer: 5
  m_Name: corner
  m_TagString: Untagged
  m_Icon: {fileID: 0}
  m_NavMeshLayer: 0
  m_StaticEditorFlags: 0
  m_IsActive: 1
--- !u!224 &304970378
RectTransform:
  m_ObjectHideFlags: 0
  m_PrefabParentObject: {fileID: 22400000, guid: 219fd5deb41ea4d69b1a0faa87527f67,
    type: 2}
  m_PrefabInternal: {fileID: 0}
  m_GameObject: {fileID: 304970377}
  m_LocalRotation: {x: 0, y: 0, z: 0, w: 1}
  m_LocalPosition: {x: 0, y: 0, z: 0}
  m_LocalScale: {x: 1, y: 1, z: 1}
  m_Children: []
  m_Father: {fileID: 1057021074}
  m_RootOrder: 1
  m_AnchorMin: {x: 1, y: 0}
  m_AnchorMax: {x: 1, y: 0}
  m_AnchoredPosition: {x: -2, y: 2}
  m_SizeDelta: {x: 21, y: 21}
  m_Pivot: {x: .5, y: .5}
--- !u!114 &304970379
MonoBehaviour:
  m_ObjectHideFlags: 0
  m_PrefabParentObject: {fileID: 11400000, guid: 219fd5deb41ea4d69b1a0faa87527f67,
    type: 2}
  m_PrefabInternal: {fileID: 0}
  m_GameObject: {fileID: 304970377}
  m_Enabled: 1
  m_EditorHideFlags: 0
  m_Script: {fileID: -765806418, guid: f5f67c52d1564df4a8936ccd202a3bd8, type: 3}
  m_Name: 
  m_EditorClassIdentifier: 
  m_Material: {fileID: 2100000, guid: 80f4d48b2d25446dd95e66dcde546c6f, type: 2}
  m_Color: {r: 1, g: 1, b: 1, a: 1}
  m_Sprite: {fileID: 21300000, guid: 43a02bc81274d4c00a229293727542e7, type: 3}
  m_Type: 0
  m_PreserveAspect: 0
  m_FillCenter: 1
  m_FillMethod: 4
  m_FillAmount: 1
  m_FillClockwise: 1
  m_FillOrigin: 0
--- !u!222 &304970380
CanvasRenderer:
  m_ObjectHideFlags: 0
  m_PrefabParentObject: {fileID: 22200000, guid: 219fd5deb41ea4d69b1a0faa87527f67,
    type: 2}
  m_PrefabInternal: {fileID: 0}
  m_GameObject: {fileID: 304970377}
--- !u!1001 &361452157
Prefab:
  m_ObjectHideFlags: 0
  serializedVersion: 2
  m_Modification:
    m_TransformParent: {fileID: 1074975461}
    m_Modifications:
    - target: {fileID: 400000, guid: 94553890843944d37ba28d9ee99688c0, type: 2}
      propertyPath: m_LocalPosition.x
      value: .0976509973
      objectReference: {fileID: 0}
    - target: {fileID: 400000, guid: 94553890843944d37ba28d9ee99688c0, type: 2}
      propertyPath: m_LocalPosition.y
      value: -1.36740005
      objectReference: {fileID: 0}
    - target: {fileID: 400000, guid: 94553890843944d37ba28d9ee99688c0, type: 2}
      propertyPath: m_LocalPosition.z
      value: .0564289987
      objectReference: {fileID: 0}
    - target: {fileID: 400000, guid: 94553890843944d37ba28d9ee99688c0, type: 2}
      propertyPath: m_LocalRotation.x
      value: 0
      objectReference: {fileID: 0}
    - target: {fileID: 400000, guid: 94553890843944d37ba28d9ee99688c0, type: 2}
      propertyPath: m_LocalRotation.y
      value: 0
      objectReference: {fileID: 0}
    - target: {fileID: 400000, guid: 94553890843944d37ba28d9ee99688c0, type: 2}
      propertyPath: m_LocalRotation.z
      value: 0
      objectReference: {fileID: 0}
    - target: {fileID: 400000, guid: 94553890843944d37ba28d9ee99688c0, type: 2}
      propertyPath: m_LocalRotation.w
      value: 1
      objectReference: {fileID: 0}
    - target: {fileID: 400000, guid: 94553890843944d37ba28d9ee99688c0, type: 2}
      propertyPath: m_RootOrder
      value: 0
      objectReference: {fileID: 0}
    - target: {fileID: 3300000, guid: 94553890843944d37ba28d9ee99688c0, type: 2}
      propertyPath: m_Mesh
      value: 
      objectReference: {fileID: 821258116}
    - target: {fileID: 11400000, guid: 94553890843944d37ba28d9ee99688c0, type: 2}
      propertyPath: addCollider
      value: 1
      objectReference: {fileID: 0}
    m_RemovedComponents: []
  m_ParentPrefab: {fileID: 100100000, guid: 94553890843944d37ba28d9ee99688c0, type: 2}
  m_IsPrefabParent: 0
--- !u!1 &424898609
GameObject:
  m_ObjectHideFlags: 0
  m_PrefabParentObject: {fileID: 0}
  m_PrefabInternal: {fileID: 0}
  serializedVersion: 4
  m_Component:
  - 4: {fileID: 424898614}
  - 20: {fileID: 424898613}
  - 92: {fileID: 424898612}
  - 124: {fileID: 424898611}
  - 81: {fileID: 424898610}
  - 114: {fileID: 424898615}
  m_Layer: 0
  m_Name: Main Camera
  m_TagString: MainCamera
  m_Icon: {fileID: 0}
  m_NavMeshLayer: 0
  m_StaticEditorFlags: 0
  m_IsActive: 1
--- !u!81 &424898610
AudioListener:
  m_ObjectHideFlags: 0
  m_PrefabParentObject: {fileID: 0}
  m_PrefabInternal: {fileID: 0}
  m_GameObject: {fileID: 424898609}
  m_Enabled: 1
--- !u!124 &424898611
Behaviour:
  m_ObjectHideFlags: 0
  m_PrefabParentObject: {fileID: 0}
  m_PrefabInternal: {fileID: 0}
  m_GameObject: {fileID: 424898609}
  m_Enabled: 1
--- !u!92 &424898612
Behaviour:
  m_ObjectHideFlags: 0
  m_PrefabParentObject: {fileID: 0}
  m_PrefabInternal: {fileID: 0}
  m_GameObject: {fileID: 424898609}
  m_Enabled: 1
--- !u!20 &424898613
Camera:
  m_ObjectHideFlags: 0
  m_PrefabParentObject: {fileID: 0}
  m_PrefabInternal: {fileID: 0}
  m_GameObject: {fileID: 424898609}
  m_Enabled: 1
  serializedVersion: 2
  m_ClearFlags: 1
  m_BackGroundColor: {r: .172549024, g: .117062673, b: .15044722, a: .0196078438}
  m_NormalizedViewPortRect:
    serializedVersion: 2
    x: 0
    y: 0
    width: 1
    height: 1
  near clip plane: .300000012
  far clip plane: 50
  field of view: 60
  orthographic: 1
  orthographic size: 3.16000009
  m_Depth: -1
  m_CullingMask:
    serializedVersion: 2
    m_Bits: 4294967295
  m_RenderingPath: -1
  m_TargetTexture: {fileID: 0}
  m_TargetDisplay: 0
  m_HDR: 0
  m_OcclusionCulling: 1
  m_StereoConvergence: 10
  m_StereoSeparation: .0219999999
  m_StereoMirrorMode: 0
--- !u!4 &424898614
Transform:
  m_ObjectHideFlags: 0
  m_PrefabParentObject: {fileID: 0}
  m_PrefabInternal: {fileID: 0}
  m_GameObject: {fileID: 424898609}
  m_LocalRotation: {x: 0, y: 0, z: 0, w: 1}
  m_LocalPosition: {x: .0536210015, y: -1.91040003, z: -10}
  m_LocalScale: {x: 1, y: 1, z: 1}
  m_Children: []
  m_Father: {fileID: 1021853645}
  m_RootOrder: 3
--- !u!114 &424898615
MonoBehaviour:
  m_ObjectHideFlags: 0
  m_PrefabParentObject: {fileID: 0}
  m_PrefabInternal: {fileID: 0}
  m_GameObject: {fileID: 424898609}
  m_Enabled: 1
  m_EditorHideFlags: 0
  m_Script: {fileID: 11500000, guid: 330dc1ec57cb6444d98a56e371793ae7, type: 3}
  m_Name: 
  m_EditorClassIdentifier: 
  targetTag: Player
  camera: {fileID: 0}
  target: {fileID: 1023507086}
  offset: {x: -0, y: -0, z: -10}
  speed: 1
  moveStartDist: 1
  adjustForVelocity: 1
  bounded: 0
  bounds:
    m_Center: {x: 0, y: 0, z: 0}
    m_Extent: {x: 0, y: 0, z: 0}
  easeType: 3
--- !u!1 &470335831
GameObject:
  m_ObjectHideFlags: 0
  m_PrefabParentObject: {fileID: 100004, guid: 219fd5deb41ea4d69b1a0faa87527f67, type: 2}
  m_PrefabInternal: {fileID: 0}
  serializedVersion: 4
  m_Component:
  - 224: {fileID: 470335832}
  - 222: {fileID: 470335834}
  - 114: {fileID: 470335833}
  m_Layer: 5
  m_Name: Head
  m_TagString: Untagged
  m_Icon: {fileID: 0}
  m_NavMeshLayer: 0
  m_StaticEditorFlags: 0
  m_IsActive: 1
--- !u!224 &470335832
RectTransform:
  m_ObjectHideFlags: 0
  m_PrefabParentObject: {fileID: 22400002, guid: 219fd5deb41ea4d69b1a0faa87527f67,
    type: 2}
  m_PrefabInternal: {fileID: 0}
  m_GameObject: {fileID: 470335831}
  m_LocalRotation: {x: 0, y: 0, z: 0, w: 1}
  m_LocalPosition: {x: 0, y: 0, z: 0}
  m_LocalScale: {x: 1, y: 1, z: 1}
  m_Children: []
  m_Father: {fileID: 1500278398}
  m_RootOrder: 0
  m_AnchorMin: {x: 0, y: 0}
  m_AnchorMax: {x: 1, y: 1}
  m_AnchoredPosition: {x: -.200000763, y: 1.14440918e-05}
  m_SizeDelta: {x: -10.4999924, y: -10.0999985}
  m_Pivot: {x: .5, y: .5}
--- !u!114 &470335833
MonoBehaviour:
  m_ObjectHideFlags: 0
  m_PrefabParentObject: {fileID: 11400002, guid: 219fd5deb41ea4d69b1a0faa87527f67,
    type: 2}
  m_PrefabInternal: {fileID: 0}
  m_GameObject: {fileID: 470335831}
  m_Enabled: 1
  m_EditorHideFlags: 0
  m_Script: {fileID: -765806418, guid: f5f67c52d1564df4a8936ccd202a3bd8, type: 3}
  m_Name: 
  m_EditorClassIdentifier: 
  m_Material: {fileID: 0}
  m_Color: {r: 1, g: 1, b: 1, a: 1}
  m_Sprite: {fileID: 21300000, guid: ed2ea56fff25646a39b2ee7e1cacf6a2, type: 3}
  m_Type: 0
  m_PreserveAspect: 0
  m_FillCenter: 1
  m_FillMethod: 4
  m_FillAmount: 1
  m_FillClockwise: 1
  m_FillOrigin: 0
--- !u!222 &470335834
CanvasRenderer:
  m_ObjectHideFlags: 0
  m_PrefabParentObject: {fileID: 22200002, guid: 219fd5deb41ea4d69b1a0faa87527f67,
    type: 2}
  m_PrefabInternal: {fileID: 0}
  m_GameObject: {fileID: 470335831}
--- !u!1 &500822008
GameObject:
  m_ObjectHideFlags: 0
  m_PrefabParentObject: {fileID: 100006, guid: 219fd5deb41ea4d69b1a0faa87527f67, type: 2}
  m_PrefabInternal: {fileID: 0}
  serializedVersion: 4
  m_Component:
  - 224: {fileID: 500822009}
  - 222: {fileID: 500822011}
  - 114: {fileID: 500822010}
  m_Layer: 5
  m_Name: Dialog
  m_TagString: Untagged
  m_Icon: {fileID: 0}
  m_NavMeshLayer: 0
  m_StaticEditorFlags: 0
  m_IsActive: 1
--- !u!224 &500822009
RectTransform:
  m_ObjectHideFlags: 0
  m_PrefabParentObject: {fileID: 22400004, guid: 219fd5deb41ea4d69b1a0faa87527f67,
    type: 2}
  m_PrefabInternal: {fileID: 0}
  m_GameObject: {fileID: 500822008}
  m_LocalRotation: {x: 0, y: 0, z: 0, w: 1}
  m_LocalPosition: {x: 0, y: 0, z: 0}
  m_LocalScale: {x: 1, y: 1, z: 1}
  m_Children: []
  m_Father: {fileID: 1057021074}
  m_RootOrder: 3
  m_AnchorMin: {x: .5, y: .5}
  m_AnchorMax: {x: .5, y: .5}
  m_AnchoredPosition: {x: -5.50099993, y: -13.5}
  m_SizeDelta: {x: 385.200012, y: 61.4000015}
  m_Pivot: {x: .5, y: .5}
--- !u!114 &500822010
MonoBehaviour:
  m_ObjectHideFlags: 0
  m_PrefabParentObject: {fileID: 11400004, guid: 219fd5deb41ea4d69b1a0faa87527f67,
    type: 2}
  m_PrefabInternal: {fileID: 0}
  m_GameObject: {fileID: 500822008}
  m_Enabled: 1
  m_EditorHideFlags: 0
  m_Script: {fileID: 708705254, guid: f5f67c52d1564df4a8936ccd202a3bd8, type: 3}
  m_Name: 
  m_EditorClassIdentifier: 
  m_Material: {fileID: 0}
  m_Color: {r: 1, g: 1, b: 1, a: 1}
  m_FontData:
    m_Font: {fileID: 12800000, guid: 22ee1a0226b78474b80282a9c36e6273, type: 3}
    m_FontSize: 25
    m_FontStyle: 0
    m_BestFit: 0
    m_MinSize: 10
    m_MaxSize: 40
    m_Alignment: 0
    m_RichText: 1
    m_HorizontalOverflow: 0
    m_VerticalOverflow: 0
    m_LineSpacing: 1
  m_Text: '"It''s dangerous to go alone!"'
--- !u!222 &500822011
CanvasRenderer:
  m_ObjectHideFlags: 0
  m_PrefabParentObject: {fileID: 22200004, guid: 219fd5deb41ea4d69b1a0faa87527f67,
    type: 2}
  m_PrefabInternal: {fileID: 0}
  m_GameObject: {fileID: 500822008}
--- !u!1 &558896429
GameObject:
  m_ObjectHideFlags: 0
  m_PrefabParentObject: {fileID: 100008, guid: 219fd5deb41ea4d69b1a0faa87527f67, type: 2}
  m_PrefabInternal: {fileID: 0}
  serializedVersion: 4
  m_Component:
  - 224: {fileID: 558896430}
  - 222: {fileID: 558896432}
  - 114: {fileID: 558896431}
  m_Layer: 5
  m_Name: next_arrow
  m_TagString: Untagged
  m_Icon: {fileID: 0}
  m_NavMeshLayer: 0
  m_StaticEditorFlags: 0
  m_IsActive: 1
--- !u!224 &558896430
RectTransform:
  m_ObjectHideFlags: 0
  m_PrefabParentObject: {fileID: 22400006, guid: 219fd5deb41ea4d69b1a0faa87527f67,
    type: 2}
  m_PrefabInternal: {fileID: 0}
  m_GameObject: {fileID: 558896429}
  m_LocalRotation: {x: 0, y: 0, z: 0, w: 1}
  m_LocalPosition: {x: 0, y: 0, z: 1.90734863e-06}
  m_LocalScale: {x: 1, y: 1, z: 1}
  m_Children: []
  m_Father: {fileID: 1057021074}
  m_RootOrder: 4
  m_AnchorMin: {x: 1, y: 0}
  m_AnchorMax: {x: 1, y: 0}
  m_AnchoredPosition: {x: -29.1520004, y: 17.7660007}
  m_SizeDelta: {x: 24, y: 19}
  m_Pivot: {x: .5, y: .5}
--- !u!114 &558896431
MonoBehaviour:
  m_ObjectHideFlags: 0
  m_PrefabParentObject: {fileID: 11400006, guid: 219fd5deb41ea4d69b1a0faa87527f67,
    type: 2}
  m_PrefabInternal: {fileID: 0}
  m_GameObject: {fileID: 558896429}
  m_Enabled: 1
  m_EditorHideFlags: 0
  m_Script: {fileID: -765806418, guid: f5f67c52d1564df4a8936ccd202a3bd8, type: 3}
  m_Name: 
  m_EditorClassIdentifier: 
  m_Material: {fileID: 2100000, guid: b7da1f8dbd46248758d0221d844afa79, type: 2}
  m_Color: {r: 1, g: 1, b: 1, a: 1}
  m_Sprite: {fileID: 21300000, guid: d187658aa2a7d4bba9977a172b7cb4e4, type: 3}
  m_Type: 0
  m_PreserveAspect: 0
  m_FillCenter: 1
  m_FillMethod: 4
  m_FillAmount: 1
  m_FillClockwise: 1
  m_FillOrigin: 0
--- !u!222 &558896432
CanvasRenderer:
  m_ObjectHideFlags: 0
  m_PrefabParentObject: {fileID: 22200006, guid: 219fd5deb41ea4d69b1a0faa87527f67,
    type: 2}
  m_PrefabInternal: {fileID: 0}
  m_GameObject: {fileID: 558896429}
--- !u!4 &578509145 stripped
Transform:
  m_PrefabParentObject: {fileID: 400000, guid: c1944f83006f44213b66bf69c53d932a, type: 2}
  m_PrefabInternal: {fileID: 1488916420}
--- !u!1 &654173812
GameObject:
  m_ObjectHideFlags: 0
  m_PrefabParentObject: {fileID: 100010, guid: 219fd5deb41ea4d69b1a0faa87527f67, type: 2}
  m_PrefabInternal: {fileID: 0}
  serializedVersion: 4
  m_Component:
  - 224: {fileID: 654173813}
  - 222: {fileID: 654173815}
  - 114: {fileID: 654173814}
  m_Layer: 5
  m_Name: corner
  m_TagString: Untagged
  m_Icon: {fileID: 0}
  m_NavMeshLayer: 0
  m_StaticEditorFlags: 0
  m_IsActive: 1
--- !u!224 &654173813
RectTransform:
  m_ObjectHideFlags: 0
  m_PrefabParentObject: {fileID: 22400008, guid: 219fd5deb41ea4d69b1a0faa87527f67,
    type: 2}
  m_PrefabInternal: {fileID: 0}
  m_GameObject: {fileID: 654173812}
  m_LocalRotation: {x: 0, y: 0, z: 0, w: 1}
  m_LocalPosition: {x: 0, y: 0, z: -8.69019985}
  m_LocalScale: {x: 1, y: 1, z: 1}
  m_Children: []
  m_Father: {fileID: 1545992582}
  m_RootOrder: 1
  m_AnchorMin: {x: 1, y: 1}
  m_AnchorMax: {x: 1, y: 1}
  m_AnchoredPosition: {x: -10.5000095, y: -10.4999809}
  m_SizeDelta: {x: 21, y: 21}
  m_Pivot: {x: .5, y: .5}
--- !u!114 &654173814
MonoBehaviour:
  m_ObjectHideFlags: 0
  m_PrefabParentObject: {fileID: 11400008, guid: 219fd5deb41ea4d69b1a0faa87527f67,
    type: 2}
  m_PrefabInternal: {fileID: 0}
  m_GameObject: {fileID: 654173812}
  m_Enabled: 1
  m_EditorHideFlags: 0
  m_Script: {fileID: -765806418, guid: f5f67c52d1564df4a8936ccd202a3bd8, type: 3}
  m_Name: 
  m_EditorClassIdentifier: 
  m_Material: {fileID: 2100000, guid: 80f4d48b2d25446dd95e66dcde546c6f, type: 2}
  m_Color: {r: 1, g: 1, b: 1, a: 1}
  m_Sprite: {fileID: 21300000, guid: 43a02bc81274d4c00a229293727542e7, type: 3}
  m_Type: 0
  m_PreserveAspect: 1
  m_FillCenter: 1
  m_FillMethod: 4
  m_FillAmount: 1
  m_FillClockwise: 1
  m_FillOrigin: 0
--- !u!222 &654173815
CanvasRenderer:
  m_ObjectHideFlags: 0
  m_PrefabParentObject: {fileID: 22200008, guid: 219fd5deb41ea4d69b1a0faa87527f67,
    type: 2}
  m_PrefabInternal: {fileID: 0}
  m_GameObject: {fileID: 654173812}
--- !u!4 &698367449 stripped
Transform:
  m_PrefabParentObject: {fileID: 400000, guid: c1944f83006f44213b66bf69c53d932a, type: 2}
  m_PrefabInternal: {fileID: 1933262725}
--- !u!1 &755828114
GameObject:
  m_ObjectHideFlags: 0
  m_PrefabParentObject: {fileID: 0}
  m_PrefabInternal: {fileID: 0}
  serializedVersion: 4
  m_Component:
  - 4: {fileID: 755828118}
  - 114: {fileID: 755828117}
  m_Layer: 0
  m_Name: EventSystem
  m_TagString: Untagged
  m_Icon: {fileID: 0}
  m_NavMeshLayer: 0
  m_StaticEditorFlags: 0
  m_IsActive: 1
--- !u!114 &755828117
MonoBehaviour:
  m_ObjectHideFlags: 0
  m_PrefabParentObject: {fileID: 0}
  m_PrefabInternal: {fileID: 0}
  m_GameObject: {fileID: 755828114}
  m_Enabled: 1
  m_EditorHideFlags: 0
  m_Script: {fileID: -619905303, guid: f5f67c52d1564df4a8936ccd202a3bd8, type: 3}
  m_Name: 
  m_EditorClassIdentifier: 
  m_FirstSelected: {fileID: 0}
  m_sendNavigationEvents: 1
  m_DragThreshold: 5
--- !u!4 &755828118
Transform:
  m_ObjectHideFlags: 0
  m_PrefabParentObject: {fileID: 0}
  m_PrefabInternal: {fileID: 0}
  m_GameObject: {fileID: 755828114}
  m_LocalRotation: {x: 0, y: 0, z: 0, w: 1}
  m_LocalPosition: {x: 0, y: 0, z: 0}
  m_LocalScale: {x: 1, y: 1, z: 1}
  m_Children: []
  m_Father: {fileID: 1021853645}
  m_RootOrder: 2
--- !u!43 &821258116
Mesh:
  m_ObjectHideFlags: 0
  m_PrefabParentObject: {fileID: 0}
  m_PrefabInternal: {fileID: 0}
  m_Name: 
  serializedVersion: 8
  m_SubMeshes:
  - serializedVersion: 2
    firstByte: 0
    indexCount: 24
    topology: 0
    firstVertex: 0
    vertexCount: 10
    localAABB:
      m_Center: {x: -.00949764252, y: 1.90699577, z: 0}
      m_Extent: {x: 3.40698647, y: 4.55913067, z: 0}
  - serializedVersion: 2
    firstByte: 48
    indexCount: 12
    topology: 0
    firstVertex: 10
    vertexCount: 8
    localAABB:
      m_Center: {x: -.0174121857, y: 5.42401695, z: 0}
      m_Extent: {x: 3.40049982, y: 2.04201007, z: 0}
  m_Shapes:
    vertices: []
    shapes: []
    channels: []
    fullWeights: []
  m_BindPose: []
  m_BoneNameHashes: 
  m_RootBoneNameHash: 0
  m_MeshCompression: 0
  m_IsReadable: 1
  m_KeepVertices: 1
  m_KeepIndices: 1
  m_IndexBuffer: 0300060009000900010003000300040006000600070009000900000001000100020003000400050006000700080009000a000b000d000b000c000d000e000f0011000f0010001100
  m_Skin: []
  m_VertexData:
    m_CurrentChannels: 143
    m_VertexCount: 18
    m_Channels:
    - stream: 0
      offset: 0
      format: 0
      dimension: 3
    - stream: 0
      offset: 12
      format: 0
      dimension: 3
    - stream: 0
      offset: 24
      format: 2
      dimension: 4
    - stream: 0
      offset: 28
      format: 0
      dimension: 2
    - stream: 0
      offset: 0
      format: 0
      dimension: 0
    - stream: 0
      offset: 0
      format: 0
      dimension: 0
    - stream: 0
      offset: 0
      format: 0
      dimension: 0
    - stream: 0
      offset: 36
      format: 0
      dimension: 4
    m_DataSize: 936
    _typelessdata: 1046773e82eace40000000000000008000000080000080bfffffffff84d4153df3bdba3d0000803f000000000000000000000000829d57403e81cd40000000000000008000000080000080bfffffffff6cf78a3dbdd6b93d0000803f00000000000000000000000075705940541602c0000000000000008000000080000080bfffffffffd88c8b3d4801cb3b0000803f000000000000000000000000e460b33e141d02c0000000000000008000000080000080bfffffffff1b4a1a3db8deca3b0000803f00000000000000000000000098bcb23ee4ba29c0000000000000008000000080000080bffffffffff63c1a3d713d8a350000803f000000000000000000000000b498e2be94bc29c0000000000000008000000080000080bfffffffff789ff33c000000000000803f00000000000000000000000090abe3bed62302c0000000000000008000000080000080bfffffffff7f73f33c1fbcca3b0000803f0000000000000000000000002bf156c0563102c0000000000000008000000080000080bfffffffffcd14183a0077ca3b0000803f000000000000000000000000ada75ac0ce725840000000000000008000000080000080bfffffffff000000009128773d0000803f000000000000000000000000e0a7723e48c85840000000000000008000000080000080bfffffffff3aa5153d455f773d0000803f00000000000000000000000012bf5ac065398c40000000000000008000000080000080bfffffffff0000443f00007e3f2d2bbbbaf0ff7f3f000000000000803f8a31713e22648c40000000000000008000000080000080bfffffffff00004c3f00007e3f2d2bbbbaf0ff7f3f000000000000803fe0a7723e48c85840000000000000008000000080000080bfffffffff00004c3f00003c3f2d2bbbbaf0ff7f3f000000000000803fada75ac0ce725840000000000000008000000080000080bfffffffff0000443f00003c3f2d2bbbbaf0ff7f3f000000000000803f0bdb823eb2e9ee40000000000000008000000080000080bfffffffff0000443f00007e3f5f00673c7cf97f3f000000800000803f828458406e80ed40000000000000008000000080000080bfffffffff00004c3f00007e3f5f00673c7cf97f3f000000800000803f829d57403e81cd40000000000000008000000080000080bfffffffff00004c3f00003c3f5f00673c7cf97f3f000000800000803f1046773e82eace40000000000000008000000080000080bfffffffff0000443f00003c3f5f00673c7cf97f3f000000800000803f
  m_CompressedMesh:
    m_Vertices:
      m_NumItems: 0
      m_Range: 0
      m_Start: 0
      m_Data: 
      m_BitSize: 0
    m_UV:
      m_NumItems: 0
      m_Range: 0
      m_Start: 0
      m_Data: 
      m_BitSize: 0
    m_Normals:
      m_NumItems: 0
      m_Range: 0
      m_Start: 0
      m_Data: 
      m_BitSize: 0
    m_Tangents:
      m_NumItems: 0
      m_Range: 0
      m_Start: 0
      m_Data: 
      m_BitSize: 0
    m_Weights:
      m_NumItems: 0
      m_Data: 
      m_BitSize: 0
    m_NormalSigns:
      m_NumItems: 0
      m_Data: 
      m_BitSize: 0
    m_TangentSigns:
      m_NumItems: 0
      m_Data: 
      m_BitSize: 0
    m_FloatColors:
      m_NumItems: 0
      m_Range: 0
      m_Start: 0
      m_Data: 
      m_BitSize: 0
    m_BoneIndices:
      m_NumItems: 0
      m_Data: 
      m_BitSize: 0
    m_Triangles:
      m_NumItems: 0
      m_Data: 
      m_BitSize: 0
    m_UVInfo: 0
  m_LocalAABB:
    m_Center: {x: -.010211587, y: 2.40694618, z: 0}
    m_Extent: {x: 3.40770054, y: 5.05908108, z: 0}
  m_MeshUsageFlags: 0
  m_BakedConvexCollisionMesh: 
  m_BakedTriangleCollisionMesh: 
  m_MeshOptimized: 0
--- !u!1 &987362631
GameObject:
  m_ObjectHideFlags: 0
  m_PrefabParentObject: {fileID: 0}
  m_PrefabInternal: {fileID: 0}
  serializedVersion: 4
  m_Component:
  - 4: {fileID: 987362632}
  - 82: {fileID: 987362633}
  m_Layer: 0
  m_Name: Music
  m_TagString: Untagged
  m_Icon: {fileID: 0}
  m_NavMeshLayer: 0
  m_StaticEditorFlags: 0
  m_IsActive: 1
--- !u!4 &987362632
Transform:
  m_ObjectHideFlags: 0
  m_PrefabParentObject: {fileID: 0}
  m_PrefabInternal: {fileID: 0}
  m_GameObject: {fileID: 987362631}
  m_LocalRotation: {x: 0, y: 0, z: 0, w: 1}
  m_LocalPosition: {x: 0, y: 0, z: 0}
  m_LocalScale: {x: 1, y: 1, z: 1}
  m_Children: []
  m_Father: {fileID: 1021853645}
  m_RootOrder: 4
--- !u!82 &987362633
AudioSource:
  m_ObjectHideFlags: 0
  m_PrefabParentObject: {fileID: 0}
  m_PrefabInternal: {fileID: 0}
  m_GameObject: {fileID: 987362631}
  m_Enabled: 1
  serializedVersion: 4
  OutputAudioMixerGroup: {fileID: 0}
  m_audioClip: {fileID: 8300000, guid: da194bc8767924b2db181723aed1c1e3, type: 3}
  m_PlayOnAwake: 1
  m_Volume: 1
  m_Pitch: 1
  Loop: 1
  Mute: 0
  Priority: 128
  DopplerLevel: 1
  MinDistance: 1
  MaxDistance: 500
  Pan2D: 0
  rolloffMode: 0
  BypassEffects: 0
  BypassListenerEffects: 0
  BypassReverbZones: 0
  rolloffCustomCurve:
    serializedVersion: 2
    m_Curve:
    - time: 0
      value: 1
      inSlope: 0
      outSlope: 0
      tangentMode: 0
    - time: 1
      value: 0
      inSlope: 0
      outSlope: 0
      tangentMode: 0
    m_PreInfinity: 2
    m_PostInfinity: 2
  panLevelCustomCurve:
    serializedVersion: 2
    m_Curve:
    - time: 0
      value: 0
      inSlope: 0
      outSlope: 0
      tangentMode: 0
    m_PreInfinity: 2
    m_PostInfinity: 2
  spreadCustomCurve:
    serializedVersion: 2
    m_Curve:
    - time: 0
      value: 0
      inSlope: 0
      outSlope: 0
      tangentMode: 0
    m_PreInfinity: 2
    m_PostInfinity: 2
  reverbZoneMixCustomCurve:
    serializedVersion: 2
    m_Curve:
    - time: 0
      value: 0
      inSlope: 0
      outSlope: 0
      tangentMode: 0
    m_PreInfinity: 2
    m_PostInfinity: 2
--- !u!1 &1021853644
GameObject:
  m_ObjectHideFlags: 0
  m_PrefabParentObject: {fileID: 0}
  m_PrefabInternal: {fileID: 0}
  serializedVersion: 4
  m_Component:
  - 4: {fileID: 1021853645}
  m_Layer: 0
  m_Name: Inside
  m_TagString: Untagged
  m_Icon: {fileID: 0}
  m_NavMeshLayer: 0
  m_StaticEditorFlags: 0
  m_IsActive: 1
--- !u!4 &1021853645
Transform:
  m_ObjectHideFlags: 0
  m_PrefabParentObject: {fileID: 0}
  m_PrefabInternal: {fileID: 0}
  m_GameObject: {fileID: 1021853644}
  m_LocalRotation: {x: 0, y: 0, z: 0, w: 1}
  m_LocalPosition: {x: 0, y: 0, z: 0}
  m_LocalScale: {x: 1, y: 1, z: 1}
  m_Children:
  - {fileID: 1980191556}
  - {fileID: 1151405978}
  - {fileID: 755828118}
  - {fileID: 424898614}
  - {fileID: 987362632}
  - {fileID: 1074975461}
  m_Father: {fileID: 0}
  m_RootOrder: 1
--- !u!1 &1023507085 stripped
GameObject:
  m_PrefabParentObject: {fileID: 100000, guid: da85dd23b653c4b239a63a0157c87993, type: 2}
  m_PrefabInternal: {fileID: 176366310}
--- !u!4 &1023507086 stripped
Transform:
  m_PrefabParentObject: {fileID: 400000, guid: da85dd23b653c4b239a63a0157c87993, type: 2}
  m_PrefabInternal: {fileID: 176366310}
--- !u!114 &1023507094
MonoBehaviour:
  m_ObjectHideFlags: 0
  m_PrefabParentObject: {fileID: 0}
  m_PrefabInternal: {fileID: 0}
  m_GameObject: {fileID: 1023507085}
  m_Enabled: 1
  m_EditorHideFlags: 0
  m_Script: {fileID: 11500000, guid: c65b9d2bdc25a4232808fc544fb593aa, type: 3}
  m_Name: 
  m_EditorClassIdentifier: 
  keepBetweenScenes: 1
--- !u!1001 &1038868127
Prefab:
  m_ObjectHideFlags: 0
  serializedVersion: 2
  m_Modification:
    m_TransformParent: {fileID: 1151405978}
    m_Modifications:
    - target: {fileID: 400000, guid: 77c9f77cb19cd4552bacdc9a554731d9, type: 2}
      propertyPath: m_LocalPosition.x
      value: -2.38050008
      objectReference: {fileID: 0}
    - target: {fileID: 400000, guid: 77c9f77cb19cd4552bacdc9a554731d9, type: 2}
      propertyPath: m_LocalPosition.y
      value: .426239997
      objectReference: {fileID: 0}
    - target: {fileID: 400000, guid: 77c9f77cb19cd4552bacdc9a554731d9, type: 2}
      propertyPath: m_LocalPosition.z
      value: 0
      objectReference: {fileID: 0}
    - target: {fileID: 400000, guid: 77c9f77cb19cd4552bacdc9a554731d9, type: 2}
      propertyPath: m_LocalRotation.x
      value: 0
      objectReference: {fileID: 0}
    - target: {fileID: 400000, guid: 77c9f77cb19cd4552bacdc9a554731d9, type: 2}
      propertyPath: m_LocalRotation.y
      value: 0
      objectReference: {fileID: 0}
    - target: {fileID: 400000, guid: 77c9f77cb19cd4552bacdc9a554731d9, type: 2}
      propertyPath: m_LocalRotation.z
      value: 0
      objectReference: {fileID: 0}
    - target: {fileID: 400000, guid: 77c9f77cb19cd4552bacdc9a554731d9, type: 2}
      propertyPath: m_LocalRotation.w
      value: 1
      objectReference: {fileID: 0}
    - target: {fileID: 400000, guid: 77c9f77cb19cd4552bacdc9a554731d9, type: 2}
      propertyPath: m_RootOrder
      value: 3
      objectReference: {fileID: 0}
    - target: {fileID: 400000, guid: 77c9f77cb19cd4552bacdc9a554731d9, type: 2}
      propertyPath: m_LocalScale.x
      value: -1
      objectReference: {fileID: 0}
    - target: {fileID: 21200000, guid: 77c9f77cb19cd4552bacdc9a554731d9, type: 2}
      propertyPath: m_Sprite
      value: 
      objectReference: {fileID: 21300000, guid: 242978bbe0b7345588b3422a401f7bd9,
        type: 3}
    - target: {fileID: 21200000, guid: 77c9f77cb19cd4552bacdc9a554731d9, type: 2}
      propertyPath: m_Materials.Array.data[0]
      value: 
      objectReference: {fileID: 10754, guid: 0000000000000000e000000000000000, type: 0}
    m_RemovedComponents: []
  m_ParentPrefab: {fileID: 100100000, guid: 77c9f77cb19cd4552bacdc9a554731d9, type: 2}
  m_IsPrefabParent: 0
--- !u!1 &1057021073
GameObject:
  m_ObjectHideFlags: 0
  m_PrefabParentObject: {fileID: 100012, guid: 219fd5deb41ea4d69b1a0faa87527f67, type: 2}
  m_PrefabInternal: {fileID: 0}
  serializedVersion: 4
  m_Component:
  - 224: {fileID: 1057021074}
  - 222: {fileID: 1057021076}
  - 114: {fileID: 1057021075}
  m_Layer: 5
  m_Name: TextBox
  m_TagString: Untagged
  m_Icon: {fileID: 0}
  m_NavMeshLayer: 0
  m_StaticEditorFlags: 0
  m_IsActive: 1
--- !u!224 &1057021074
RectTransform:
  m_ObjectHideFlags: 0
  m_PrefabParentObject: {fileID: 22400010, guid: 219fd5deb41ea4d69b1a0faa87527f67,
    type: 2}
  m_PrefabInternal: {fileID: 0}
  m_GameObject: {fileID: 1057021073}
  m_LocalRotation: {x: 0, y: 0, z: 0, w: 1}
  m_LocalPosition: {x: 0, y: 0, z: 20}
  m_LocalScale: {x: 1, y: 1, z: 1}
  m_Children:
  - {fileID: 1082446139}
  - {fileID: 304970378}
  - {fileID: 1989356353}
  - {fileID: 500822009}
  - {fileID: 558896430}
  m_Father: {fileID: 1357023633}
  m_RootOrder: 0
  m_AnchorMin: {x: .223000005, y: .172272265}
  m_AnchorMax: {x: 1, y: .83635211}
  m_AnchoredPosition: {x: -3.29196668, y: -.654989362}
  m_SizeDelta: {x: 3.29197359, y: 1.92112553}
  m_Pivot: {x: 4.84287739e-08, y: .50000006}
--- !u!114 &1057021075
MonoBehaviour:
  m_ObjectHideFlags: 0
  m_PrefabParentObject: {fileID: 11400010, guid: 219fd5deb41ea4d69b1a0faa87527f67,
    type: 2}
  m_PrefabInternal: {fileID: 0}
  m_GameObject: {fileID: 1057021073}
  m_Enabled: 1
  m_EditorHideFlags: 0
  m_Script: {fileID: -765806418, guid: f5f67c52d1564df4a8936ccd202a3bd8, type: 3}
  m_Name: 
  m_EditorClassIdentifier: 
  m_Material: {fileID: 2100000, guid: c669be06a72a5414991482f5a803daac, type: 2}
  m_Color: {r: .960784316, g: .600000024, b: .784313738, a: 1}
  m_Sprite: {fileID: 21300000, guid: 1d073bf6c44134d21b8e929b343657ba, type: 3}
  m_Type: 1
  m_PreserveAspect: 0
  m_FillCenter: 1
  m_FillMethod: 4
  m_FillAmount: 1
  m_FillClockwise: 1
  m_FillOrigin: 0
--- !u!222 &1057021076
CanvasRenderer:
  m_ObjectHideFlags: 0
  m_PrefabParentObject: {fileID: 22200010, guid: 219fd5deb41ea4d69b1a0faa87527f67,
    type: 2}
  m_PrefabInternal: {fileID: 0}
  m_GameObject: {fileID: 1057021073}
--- !u!4 &1062371144 stripped
Transform:
  m_PrefabParentObject: {fileID: 400000, guid: 77c9f77cb19cd4552bacdc9a554731d9, type: 2}
  m_PrefabInternal: {fileID: 1855727610}
--- !u!1 &1074975460
GameObject:
  m_ObjectHideFlags: 0
  m_PrefabParentObject: {fileID: 0}
  m_PrefabInternal: {fileID: 0}
  serializedVersion: 4
  m_Component:
  - 4: {fileID: 1074975461}
  m_Layer: 0
  m_Name: Polys
  m_TagString: Untagged
  m_Icon: {fileID: 0}
  m_NavMeshLayer: 0
  m_StaticEditorFlags: 0
  m_IsActive: 1
--- !u!4 &1074975461
Transform:
  m_ObjectHideFlags: 0
  m_PrefabParentObject: {fileID: 0}
  m_PrefabInternal: {fileID: 0}
  m_GameObject: {fileID: 1074975460}
  m_LocalRotation: {x: 0, y: 0, z: 0, w: 1}
  m_LocalPosition: {x: 0, y: 0, z: 0}
  m_LocalScale: {x: 1, y: 1, z: 1}
  m_Children:
  - {fileID: 1414056743}
  m_Father: {fileID: 1021853645}
  m_RootOrder: 5
--- !u!1 &1082446138
GameObject:
  m_ObjectHideFlags: 0
  m_PrefabParentObject: {fileID: 100014, guid: 219fd5deb41ea4d69b1a0faa87527f67, type: 2}
  m_PrefabInternal: {fileID: 0}
  serializedVersion: 4
  m_Component:
  - 224: {fileID: 1082446139}
  - 222: {fileID: 1082446141}
  - 114: {fileID: 1082446140}
  m_Layer: 5
  m_Name: corner
  m_TagString: Untagged
  m_Icon: {fileID: 0}
  m_NavMeshLayer: 0
  m_StaticEditorFlags: 0
  m_IsActive: 1
--- !u!224 &1082446139
RectTransform:
  m_ObjectHideFlags: 0
  m_PrefabParentObject: {fileID: 22400012, guid: 219fd5deb41ea4d69b1a0faa87527f67,
    type: 2}
  m_PrefabInternal: {fileID: 0}
  m_GameObject: {fileID: 1082446138}
  m_LocalRotation: {x: 0, y: 0, z: 0, w: 1}
  m_LocalPosition: {x: 0, y: 0, z: 0}
  m_LocalScale: {x: 1, y: 1, z: 1}
  m_Children: []
  m_Father: {fileID: 1057021074}
  m_RootOrder: 0
  m_AnchorMin: {x: 1, y: 1}
  m_AnchorMax: {x: 1, y: 1}
  m_AnchoredPosition: {x: -2, y: -2}
  m_SizeDelta: {x: 21, y: 21}
  m_Pivot: {x: .5, y: .5}
--- !u!114 &1082446140
MonoBehaviour:
  m_ObjectHideFlags: 0
  m_PrefabParentObject: {fileID: 11400012, guid: 219fd5deb41ea4d69b1a0faa87527f67,
    type: 2}
  m_PrefabInternal: {fileID: 0}
  m_GameObject: {fileID: 1082446138}
  m_Enabled: 1
  m_EditorHideFlags: 0
  m_Script: {fileID: -765806418, guid: f5f67c52d1564df4a8936ccd202a3bd8, type: 3}
  m_Name: 
  m_EditorClassIdentifier: 
  m_Material: {fileID: 2100000, guid: 80f4d48b2d25446dd95e66dcde546c6f, type: 2}
  m_Color: {r: 1, g: 1, b: 1, a: 1}
  m_Sprite: {fileID: 21300000, guid: 43a02bc81274d4c00a229293727542e7, type: 3}
  m_Type: 0
  m_PreserveAspect: 0
  m_FillCenter: 1
  m_FillMethod: 4
  m_FillAmount: 1
  m_FillClockwise: 1
  m_FillOrigin: 0
--- !u!222 &1082446141
CanvasRenderer:
  m_ObjectHideFlags: 0
  m_PrefabParentObject: {fileID: 22200012, guid: 219fd5deb41ea4d69b1a0faa87527f67,
    type: 2}
  m_PrefabInternal: {fileID: 0}
  m_GameObject: {fileID: 1082446138}
--- !u!1 &1151405977
GameObject:
  m_ObjectHideFlags: 0
  m_PrefabParentObject: {fileID: 0}
  m_PrefabInternal: {fileID: 0}
  serializedVersion: 4
  m_Component:
  - 4: {fileID: 1151405978}
  m_Layer: 0
  m_Name: Sprites
  m_TagString: Untagged
  m_Icon: {fileID: 0}
  m_NavMeshLayer: 0
  m_StaticEditorFlags: 0
  m_IsActive: 1
--- !u!4 &1151405978
Transform:
  m_ObjectHideFlags: 0
  m_PrefabParentObject: {fileID: 0}
  m_PrefabInternal: {fileID: 0}
  m_GameObject: {fileID: 1151405977}
  m_LocalRotation: {x: 0, y: 0, z: 0, w: 1}
  m_LocalPosition: {x: 0, y: 0, z: 0}
  m_LocalScale: {x: 1, y: 1, z: 1}
  m_Children:
  - {fileID: 1062371144}
  - {fileID: 578509145}
  - {fileID: 698367449}
  - {fileID: 271281736}
  - {fileID: 1195437116}
  - {fileID: 1176830070}
  m_Father: {fileID: 1021853645}
  m_RootOrder: 1
--- !u!4 &1176830070 stripped
Transform:
  m_PrefabParentObject: {fileID: 400000, guid: a599c43ee6d174a5bbc0a3486588b558, type: 2}
  m_PrefabInternal: {fileID: 1996760460}
--- !u!1 &1195437115
GameObject:
  m_ObjectHideFlags: 0
  m_PrefabParentObject: {fileID: 0}
  m_PrefabInternal: {fileID: 0}
  serializedVersion: 4
  m_Component:
  - 4: {fileID: 1195437116}
  - 212: {fileID: 1195437119}
  - 61: {fileID: 1195437118}
  - 114: {fileID: 1195437117}
  m_Layer: 0
  m_Name: prof_sandtraps
  m_TagString: Untagged
  m_Icon: {fileID: 0}
  m_NavMeshLayer: 0
  m_StaticEditorFlags: 0
  m_IsActive: 1
--- !u!4 &1195437116
Transform:
  m_ObjectHideFlags: 0
  m_PrefabParentObject: {fileID: 0}
  m_PrefabInternal: {fileID: 0}
  m_GameObject: {fileID: 1195437115}
  m_LocalRotation: {x: 0, y: 0, z: 0, w: 1}
  m_LocalPosition: {x: .0104520004, y: .637600005, z: 0}
  m_LocalScale: {x: 1, y: 1, z: 0}
  m_Children: []
  m_Father: {fileID: 1151405978}
  m_RootOrder: 4
--- !u!114 &1195437117
MonoBehaviour:
  m_ObjectHideFlags: 0
  m_PrefabParentObject: {fileID: 0}
  m_PrefabInternal: {fileID: 0}
  m_GameObject: {fileID: 1195437115}
  m_Enabled: 1
  m_EditorHideFlags: 0
  m_Script: {fileID: 11500000, guid: 85af3456a6deb4d2fb5d5f57438ade37, type: 3}
  m_Name: 
  m_EditorClassIdentifier: 
  orderMultiplier: 100
  orderOffset: 0
  isStatic: 1
  _spriteRenderer: {fileID: 1195437119}
--- !u!61 &1195437118
BoxCollider2D:
  m_ObjectHideFlags: 0
  m_PrefabParentObject: {fileID: 0}
  m_PrefabInternal: {fileID: 0}
  m_GameObject: {fileID: 1195437115}
  m_Enabled: 1
  m_Material: {fileID: 0}
  m_IsTrigger: 0
  m_UsedByEffector: 0
  m_Offset: {x: -.00697040558, y: .113400042}
  serializedVersion: 2
  m_Size: {x: .600822449, y: .287464857}
--- !u!212 &1195437119
SpriteRenderer:
  m_ObjectHideFlags: 0
  m_PrefabParentObject: {fileID: 0}
  m_PrefabInternal: {fileID: 0}
  m_GameObject: {fileID: 1195437115}
  m_Enabled: 1
  m_CastShadows: 0
  m_ReceiveShadows: 0
  m_Materials:
  - {fileID: 10754, guid: 0000000000000000e000000000000000, type: 0}
  m_SubsetIndices: 
  m_StaticBatchRoot: {fileID: 0}
  m_UseLightProbes: 0
  m_ReflectionProbeUsage: 0
  m_ProbeAnchor: {fileID: 0}
  m_ScaleInLightmap: 1
  m_PreserveUVs: 0
  m_ImportantGI: 0
  m_AutoUVMaxDistance: .5
  m_AutoUVMaxAngle: 89
  m_LightmapParameters: {fileID: 0}
  m_SortingLayerID: 0
  m_SortingOrder: -63
  m_Sprite: {fileID: 21300000, guid: 9e3fe939e59e14bc1b0dec1e4dcb8176, type: 3}
  m_Color: {r: 1, g: 1, b: 1, a: 1}
--- !u!1 &1357023632
GameObject:
  m_ObjectHideFlags: 0
  m_PrefabParentObject: {fileID: 100000, guid: 219fd5deb41ea4d69b1a0faa87527f67, type: 2}
  m_PrefabInternal: {fileID: 0}
  serializedVersion: 4
  m_Component:
  - 224: {fileID: 1357023633}
  - 222: {fileID: 1357023635}
  - 114: {fileID: 1357023634}
  m_Layer: 0
  m_Name: DialogBox
  m_TagString: Untagged
  m_Icon: {fileID: 0}
  m_NavMeshLayer: 0
  m_StaticEditorFlags: 0
  m_IsActive: 1
--- !u!224 &1357023633
RectTransform:
  m_ObjectHideFlags: 0
  m_PrefabParentObject: {fileID: 0}
  m_PrefabInternal: {fileID: 0}
  m_GameObject: {fileID: 1357023632}
  m_LocalRotation: {x: 0, y: 0, z: 0, w: 1}
  m_LocalPosition: {x: 0, y: 0, z: 0}
  m_LocalScale: {x: 1, y: 1, z: 1}
  m_Children:
  - {fileID: 1057021074}
  - {fileID: 1545992582}
  m_Father: {fileID: 1980191556}
  m_RootOrder: 0
  m_AnchorMin: {x: .5, y: .5}
  m_AnchorMax: {x: .5, y: .5}
  m_AnchoredPosition: {x: 2.29999995, y: -103.400002}
  m_SizeDelta: {x: 648.700012, y: 155.300003}
  m_Pivot: {x: .5, y: .5}
--- !u!114 &1357023634
MonoBehaviour:
  m_ObjectHideFlags: 0
  m_PrefabParentObject: {fileID: 0}
  m_PrefabInternal: {fileID: 0}
  m_GameObject: {fileID: 1357023632}
  m_Enabled: 1
  m_EditorHideFlags: 0
  m_Script: {fileID: -765806418, guid: f5f67c52d1564df4a8936ccd202a3bd8, type: 3}
  m_Name: 
  m_EditorClassIdentifier: 
  m_Material: {fileID: 0}
  m_Color: {r: 1, g: 1, b: 1, a: 0}
  m_Sprite: {fileID: 0}
  m_Type: 0
  m_PreserveAspect: 0
  m_FillCenter: 1
  m_FillMethod: 4
  m_FillAmount: 1
  m_FillClockwise: 1
  m_FillOrigin: 0
--- !u!222 &1357023635
CanvasRenderer:
  m_ObjectHideFlags: 0
  m_PrefabParentObject: {fileID: 0}
  m_PrefabInternal: {fileID: 0}
  m_GameObject: {fileID: 1357023632}
--- !u!4 &1414056743 stripped
Transform:
  m_PrefabParentObject: {fileID: 400000, guid: 94553890843944d37ba28d9ee99688c0, type: 2}
  m_PrefabInternal: {fileID: 361452157}
--- !u!1001 &1467338731
Prefab:
  m_ObjectHideFlags: 0
  serializedVersion: 2
  m_Modification:
    m_TransformParent: {fileID: 0}
    m_Modifications:
    - target: {fileID: 11400000, guid: 94553890843944d37ba28d9ee99688c0, type: 2}
      propertyPath: points.Array.size
      value: 1
      objectReference: {fileID: 0}
    - target: {fileID: 400000, guid: 94553890843944d37ba28d9ee99688c0, type: 2}
      propertyPath: m_LocalPosition.x
      value: -.0624141693
      objectReference: {fileID: 0}
    - target: {fileID: 400000, guid: 94553890843944d37ba28d9ee99688c0, type: 2}
      propertyPath: m_LocalPosition.y
      value: -1.95589662
      objectReference: {fileID: 0}
    - target: {fileID: 400000, guid: 94553890843944d37ba28d9ee99688c0, type: 2}
      propertyPath: m_LocalPosition.z
      value: 0
      objectReference: {fileID: 0}
    - target: {fileID: 400000, guid: 94553890843944d37ba28d9ee99688c0, type: 2}
      propertyPath: m_LocalRotation.x
      value: 0
      objectReference: {fileID: 0}
    - target: {fileID: 400000, guid: 94553890843944d37ba28d9ee99688c0, type: 2}
      propertyPath: m_LocalRotation.y
      value: 0
      objectReference: {fileID: 0}
    - target: {fileID: 400000, guid: 94553890843944d37ba28d9ee99688c0, type: 2}
      propertyPath: m_LocalRotation.z
      value: 0
      objectReference: {fileID: 0}
    - target: {fileID: 400000, guid: 94553890843944d37ba28d9ee99688c0, type: 2}
      propertyPath: m_LocalRotation.w
      value: 1
      objectReference: {fileID: 0}
    - target: {fileID: 400000, guid: 94553890843944d37ba28d9ee99688c0, type: 2}
      propertyPath: m_RootOrder
      value: 0
      objectReference: {fileID: 0}
    - target: {fileID: 11400000, guid: 94553890843944d37ba28d9ee99688c0, type: 2}
      propertyPath: closed
      value: 0
      objectReference: {fileID: 0}
    - target: {fileID: 11400000, guid: 94553890843944d37ba28d9ee99688c0, type: 2}
      propertyPath: points.Array.data[0].position.x
      value: 0
      objectReference: {fileID: 0}
    - target: {fileID: 11400000, guid: 94553890843944d37ba28d9ee99688c0, type: 2}
      propertyPath: points.Array.data[0].position.y
      value: 0
      objectReference: {fileID: 0}
    - target: {fileID: 11400000, guid: 94553890843944d37ba28d9ee99688c0, type: 2}
      propertyPath: points.Array.data[0].inTangent.x
      value: -1
      objectReference: {fileID: 0}
    - target: {fileID: 11400000, guid: 94553890843944d37ba28d9ee99688c0, type: 2}
      propertyPath: points.Array.data[0].inTangent.y
      value: -0
      objectReference: {fileID: 0}
    - target: {fileID: 11400000, guid: 94553890843944d37ba28d9ee99688c0, type: 2}
      propertyPath: points.Array.data[0].inTangent.z
      value: -0
      objectReference: {fileID: 0}
    - target: {fileID: 11400000, guid: 94553890843944d37ba28d9ee99688c0, type: 2}
      propertyPath: points.Array.data[0].outTangent.x
      value: 1
      objectReference: {fileID: 0}
    - target: {fileID: 11400000, guid: 94553890843944d37ba28d9ee99688c0, type: 2}
      propertyPath: points.Array.data[0].outTangent.y
      value: 0
      objectReference: {fileID: 0}
    m_RemovedComponents: []
  m_ParentPrefab: {fileID: 100100000, guid: 94553890843944d37ba28d9ee99688c0, type: 2}
  m_IsPrefabParent: 0
--- !u!1001 &1488916420
Prefab:
  m_ObjectHideFlags: 0
  serializedVersion: 2
  m_Modification:
    m_TransformParent: {fileID: 1151405978}
    m_Modifications:
    - target: {fileID: 400000, guid: c1944f83006f44213b66bf69c53d932a, type: 2}
      propertyPath: m_LocalPosition.x
      value: 1.67750001
      objectReference: {fileID: 0}
    - target: {fileID: 400000, guid: c1944f83006f44213b66bf69c53d932a, type: 2}
      propertyPath: m_LocalPosition.y
      value: -1.53929996
      objectReference: {fileID: 0}
    - target: {fileID: 400000, guid: c1944f83006f44213b66bf69c53d932a, type: 2}
      propertyPath: m_LocalPosition.z
      value: 0
      objectReference: {fileID: 0}
    - target: {fileID: 400000, guid: c1944f83006f44213b66bf69c53d932a, type: 2}
      propertyPath: m_LocalRotation.x
      value: 0
      objectReference: {fileID: 0}
    - target: {fileID: 400000, guid: c1944f83006f44213b66bf69c53d932a, type: 2}
      propertyPath: m_LocalRotation.y
      value: 0
      objectReference: {fileID: 0}
    - target: {fileID: 400000, guid: c1944f83006f44213b66bf69c53d932a, type: 2}
      propertyPath: m_LocalRotation.z
      value: 0
      objectReference: {fileID: 0}
    - target: {fileID: 400000, guid: c1944f83006f44213b66bf69c53d932a, type: 2}
      propertyPath: m_LocalRotation.w
      value: 1
      objectReference: {fileID: 0}
    - target: {fileID: 400000, guid: c1944f83006f44213b66bf69c53d932a, type: 2}
      propertyPath: m_RootOrder
      value: 1
      objectReference: {fileID: 0}
    m_RemovedComponents: []
  m_ParentPrefab: {fileID: 100100000, guid: c1944f83006f44213b66bf69c53d932a, type: 2}
  m_IsPrefabParent: 0
--- !u!1 &1500278397
GameObject:
  m_ObjectHideFlags: 0
  m_PrefabParentObject: {fileID: 100016, guid: 219fd5deb41ea4d69b1a0faa87527f67, type: 2}
  m_PrefabInternal: {fileID: 0}
  serializedVersion: 4
  m_Component:
  - 224: {fileID: 1500278398}
  - 222: {fileID: 1500278400}
  - 114: {fileID: 1500278399}
  m_Layer: 5
  m_Name: box
  m_TagString: Untagged
  m_Icon: {fileID: 0}
  m_NavMeshLayer: 0
  m_StaticEditorFlags: 0
  m_IsActive: 1
--- !u!224 &1500278398
RectTransform:
  m_ObjectHideFlags: 0
  m_PrefabParentObject: {fileID: 22400014, guid: 219fd5deb41ea4d69b1a0faa87527f67,
    type: 2}
  m_PrefabInternal: {fileID: 0}
  m_GameObject: {fileID: 1500278397}
  m_LocalRotation: {x: 0, y: 0, z: 0, w: 1}
  m_LocalPosition: {x: 0, y: 0, z: -8.69999981}
  m_LocalScale: {x: 1, y: 1, z: 1}
  m_Children:
  - {fileID: 470335832}
  m_Father: {fileID: 1545992582}
  m_RootOrder: 0
  m_AnchorMin: {x: 0, y: 0}
  m_AnchorMax: {x: 1, y: 1}
  m_AnchoredPosition: {x: .00114655495, y: -.49447608}
  m_SizeDelta: {x: -17.3932018, y: -14.9867382}
  m_Pivot: {x: .500000119, y: .5}
--- !u!114 &1500278399
MonoBehaviour:
  m_ObjectHideFlags: 0
  m_PrefabParentObject: {fileID: 11400014, guid: 219fd5deb41ea4d69b1a0faa87527f67,
    type: 2}
  m_PrefabInternal: {fileID: 0}
  m_GameObject: {fileID: 1500278397}
  m_Enabled: 1
  m_EditorHideFlags: 0
  m_Script: {fileID: -765806418, guid: f5f67c52d1564df4a8936ccd202a3bd8, type: 3}
  m_Name: 
  m_EditorClassIdentifier: 
  m_Material: {fileID: 2100000, guid: c669be06a72a5414991482f5a803daac, type: 2}
  m_Color: {r: .960784316, g: .600000024, b: .784313738, a: 1}
  m_Sprite: {fileID: 21300000, guid: 1d073bf6c44134d21b8e929b343657ba, type: 3}
  m_Type: 1
  m_PreserveAspect: 0
  m_FillCenter: 1
  m_FillMethod: 4
  m_FillAmount: 1
  m_FillClockwise: 1
  m_FillOrigin: 0
--- !u!222 &1500278400
CanvasRenderer:
  m_ObjectHideFlags: 0
  m_PrefabParentObject: {fileID: 22200014, guid: 219fd5deb41ea4d69b1a0faa87527f67,
    type: 2}
  m_PrefabInternal: {fileID: 0}
  m_GameObject: {fileID: 1500278397}
--- !u!1 &1545992581
GameObject:
  m_ObjectHideFlags: 0
  m_PrefabParentObject: {fileID: 0}
  m_PrefabInternal: {fileID: 0}
  serializedVersion: 4
  m_Component:
  - 224: {fileID: 1545992582}
  - 222: {fileID: 1545992584}
  - 114: {fileID: 1545992583}
  m_Layer: 0
  m_Name: TalkingHead
  m_TagString: Untagged
  m_Icon: {fileID: 0}
  m_NavMeshLayer: 0
  m_StaticEditorFlags: 0
  m_IsActive: 1
--- !u!224 &1545992582
RectTransform:
  m_ObjectHideFlags: 0
  m_PrefabParentObject: {fileID: 0}
  m_PrefabInternal: {fileID: 0}
  m_GameObject: {fileID: 1545992581}
  m_LocalRotation: {x: 0, y: 0, z: 0, w: 1}
  m_LocalPosition: {x: 0, y: 0, z: 0}
  m_LocalScale: {x: 1, y: 1, z: 1}
  m_Children:
  - {fileID: 1500278398}
  - {fileID: 654173813}
  - {fileID: 1602038033}
  - {fileID: 1621377718}
  - {fileID: 1708702469}
  m_Father: {fileID: 1357023633}
  m_RootOrder: 1
  m_AnchorMin: {x: .5, y: .5}
  m_AnchorMax: {x: .5, y: .5}
  m_AnchoredPosition: {x: -246.5, y: 5.72199997e-06}
  m_SizeDelta: {x: 155.699997, y: 155.300003}
  m_Pivot: {x: .5, y: .5}
--- !u!114 &1545992583
MonoBehaviour:
  m_ObjectHideFlags: 0
  m_PrefabParentObject: {fileID: 0}
  m_PrefabInternal: {fileID: 0}
  m_GameObject: {fileID: 1545992581}
  m_Enabled: 1
  m_EditorHideFlags: 0
  m_Script: {fileID: -765806418, guid: f5f67c52d1564df4a8936ccd202a3bd8, type: 3}
  m_Name: 
  m_EditorClassIdentifier: 
  m_Material: {fileID: 0}
  m_Color: {r: 1, g: 1, b: 1, a: 0}
  m_Sprite: {fileID: 0}
  m_Type: 0
  m_PreserveAspect: 0
  m_FillCenter: 1
  m_FillMethod: 4
  m_FillAmount: 1
  m_FillClockwise: 1
  m_FillOrigin: 0
--- !u!222 &1545992584
CanvasRenderer:
  m_ObjectHideFlags: 0
  m_PrefabParentObject: {fileID: 0}
  m_PrefabInternal: {fileID: 0}
  m_GameObject: {fileID: 1545992581}
--- !u!1 &1602038032
GameObject:
  m_ObjectHideFlags: 0
  m_PrefabParentObject: {fileID: 100018, guid: 219fd5deb41ea4d69b1a0faa87527f67, type: 2}
  m_PrefabInternal: {fileID: 0}
  serializedVersion: 4
  m_Component:
  - 224: {fileID: 1602038033}
  - 222: {fileID: 1602038035}
  - 114: {fileID: 1602038034}
  m_Layer: 5
  m_Name: corner
  m_TagString: Untagged
  m_Icon: {fileID: 0}
  m_NavMeshLayer: 0
  m_StaticEditorFlags: 0
  m_IsActive: 1
--- !u!224 &1602038033
RectTransform:
  m_ObjectHideFlags: 0
  m_PrefabParentObject: {fileID: 22400016, guid: 219fd5deb41ea4d69b1a0faa87527f67,
    type: 2}
  m_PrefabInternal: {fileID: 0}
  m_GameObject: {fileID: 1602038032}
  m_LocalRotation: {x: 0, y: 0, z: 0, w: 1}
  m_LocalPosition: {x: 0, y: 0, z: -8.69019985}
  m_LocalScale: {x: 1, y: 1, z: 1}
  m_Children: []
  m_Father: {fileID: 1545992582}
  m_RootOrder: 2
  m_AnchorMin: {x: 0, y: 0}
  m_AnchorMax: {x: 0, y: 0}
  m_AnchoredPosition: {x: 10.5000019, y: 10.5000191}
  m_SizeDelta: {x: 21, y: 21}
  m_Pivot: {x: .5, y: .5}
--- !u!114 &1602038034
MonoBehaviour:
  m_ObjectHideFlags: 0
  m_PrefabParentObject: {fileID: 11400018, guid: 219fd5deb41ea4d69b1a0faa87527f67,
    type: 2}
  m_PrefabInternal: {fileID: 0}
  m_GameObject: {fileID: 1602038032}
  m_Enabled: 1
  m_EditorHideFlags: 0
  m_Script: {fileID: -765806418, guid: f5f67c52d1564df4a8936ccd202a3bd8, type: 3}
  m_Name: 
  m_EditorClassIdentifier: 
  m_Material: {fileID: 2100000, guid: 80f4d48b2d25446dd95e66dcde546c6f, type: 2}
  m_Color: {r: 1, g: 1, b: 1, a: 1}
  m_Sprite: {fileID: 21300000, guid: 43a02bc81274d4c00a229293727542e7, type: 3}
  m_Type: 0
  m_PreserveAspect: 1
  m_FillCenter: 1
  m_FillMethod: 4
  m_FillAmount: 1
  m_FillClockwise: 1
  m_FillOrigin: 0
--- !u!222 &1602038035
CanvasRenderer:
  m_ObjectHideFlags: 0
  m_PrefabParentObject: {fileID: 22200016, guid: 219fd5deb41ea4d69b1a0faa87527f67,
    type: 2}
  m_PrefabInternal: {fileID: 0}
  m_GameObject: {fileID: 1602038032}
--- !u!1 &1621377717
GameObject:
  m_ObjectHideFlags: 0
  m_PrefabParentObject: {fileID: 100020, guid: 219fd5deb41ea4d69b1a0faa87527f67, type: 2}
  m_PrefabInternal: {fileID: 0}
  serializedVersion: 4
  m_Component:
  - 224: {fileID: 1621377718}
  - 222: {fileID: 1621377720}
  - 114: {fileID: 1621377719}
  m_Layer: 5
  m_Name: corner
  m_TagString: Untagged
  m_Icon: {fileID: 0}
  m_NavMeshLayer: 0
  m_StaticEditorFlags: 0
  m_IsActive: 1
--- !u!224 &1621377718
RectTransform:
  m_ObjectHideFlags: 0
  m_PrefabParentObject: {fileID: 22400018, guid: 219fd5deb41ea4d69b1a0faa87527f67,
    type: 2}
  m_PrefabInternal: {fileID: 0}
  m_GameObject: {fileID: 1621377717}
  m_LocalRotation: {x: 0, y: 0, z: 0, w: 1}
  m_LocalPosition: {x: 0, y: 0, z: -8.69019985}
  m_LocalScale: {x: 1, y: 1, z: 1}
  m_Children: []
  m_Father: {fileID: 1545992582}
  m_RootOrder: 3
  m_AnchorMin: {x: 0, y: 1}
  m_AnchorMax: {x: 0, y: 1}
  m_AnchoredPosition: {x: 10.4999924, y: -10.4999962}
  m_SizeDelta: {x: 21, y: 21}
  m_Pivot: {x: .5, y: .5}
--- !u!114 &1621377719
MonoBehaviour:
  m_ObjectHideFlags: 0
  m_PrefabParentObject: {fileID: 11400020, guid: 219fd5deb41ea4d69b1a0faa87527f67,
    type: 2}
  m_PrefabInternal: {fileID: 0}
  m_GameObject: {fileID: 1621377717}
  m_Enabled: 1
  m_EditorHideFlags: 0
  m_Script: {fileID: -765806418, guid: f5f67c52d1564df4a8936ccd202a3bd8, type: 3}
  m_Name: 
  m_EditorClassIdentifier: 
  m_Material: {fileID: 2100000, guid: 80f4d48b2d25446dd95e66dcde546c6f, type: 2}
  m_Color: {r: 1, g: 1, b: 1, a: 1}
  m_Sprite: {fileID: 21300000, guid: 43a02bc81274d4c00a229293727542e7, type: 3}
  m_Type: 0
  m_PreserveAspect: 1
  m_FillCenter: 1
  m_FillMethod: 4
  m_FillAmount: 1
  m_FillClockwise: 1
  m_FillOrigin: 0
--- !u!222 &1621377720
CanvasRenderer:
  m_ObjectHideFlags: 0
  m_PrefabParentObject: {fileID: 22200018, guid: 219fd5deb41ea4d69b1a0faa87527f67,
    type: 2}
  m_PrefabInternal: {fileID: 0}
  m_GameObject: {fileID: 1621377717}
--- !u!1 &1708702468
GameObject:
  m_ObjectHideFlags: 0
  m_PrefabParentObject: {fileID: 100022, guid: 219fd5deb41ea4d69b1a0faa87527f67, type: 2}
  m_PrefabInternal: {fileID: 0}
  serializedVersion: 4
  m_Component:
  - 224: {fileID: 1708702469}
  - 222: {fileID: 1708702471}
  - 114: {fileID: 1708702470}
  m_Layer: 5
  m_Name: corner
  m_TagString: Untagged
  m_Icon: {fileID: 0}
  m_NavMeshLayer: 0
  m_StaticEditorFlags: 0
  m_IsActive: 1
--- !u!224 &1708702469
RectTransform:
  m_ObjectHideFlags: 0
  m_PrefabParentObject: {fileID: 22400020, guid: 219fd5deb41ea4d69b1a0faa87527f67,
    type: 2}
  m_PrefabInternal: {fileID: 0}
  m_GameObject: {fileID: 1708702468}
  m_LocalRotation: {x: 0, y: 0, z: 0, w: 1}
  m_LocalPosition: {x: 0, y: 0, z: -8.69019985}
  m_LocalScale: {x: 1, y: 1, z: 1}
  m_Children: []
  m_Father: {fileID: 1545992582}
  m_RootOrder: 4
  m_AnchorMin: {x: 1, y: 0}
  m_AnchorMax: {x: 1, y: 0}
  m_AnchoredPosition: {x: -10.5, y: 10.5000191}
  m_SizeDelta: {x: 21, y: 21}
  m_Pivot: {x: .5, y: .5}
--- !u!114 &1708702470
MonoBehaviour:
  m_ObjectHideFlags: 0
  m_PrefabParentObject: {fileID: 11400022, guid: 219fd5deb41ea4d69b1a0faa87527f67,
    type: 2}
  m_PrefabInternal: {fileID: 0}
  m_GameObject: {fileID: 1708702468}
  m_Enabled: 1
  m_EditorHideFlags: 0
  m_Script: {fileID: -765806418, guid: f5f67c52d1564df4a8936ccd202a3bd8, type: 3}
  m_Name: 
  m_EditorClassIdentifier: 
  m_Material: {fileID: 2100000, guid: 80f4d48b2d25446dd95e66dcde546c6f, type: 2}
  m_Color: {r: 1, g: 1, b: 1, a: 1}
  m_Sprite: {fileID: 21300000, guid: 43a02bc81274d4c00a229293727542e7, type: 3}
  m_Type: 0
  m_PreserveAspect: 1
  m_FillCenter: 1
  m_FillMethod: 4
  m_FillAmount: 1
  m_FillClockwise: 1
  m_FillOrigin: 0
--- !u!222 &1708702471
CanvasRenderer:
  m_ObjectHideFlags: 0
  m_PrefabParentObject: {fileID: 22200020, guid: 219fd5deb41ea4d69b1a0faa87527f67,
    type: 2}
  m_PrefabInternal: {fileID: 0}
  m_GameObject: {fileID: 1708702468}
--- !u!1001 &1855727610
Prefab:
  m_ObjectHideFlags: 0
  serializedVersion: 2
  m_Modification:
    m_TransformParent: {fileID: 1151405978}
    m_Modifications:
    - target: {fileID: 400000, guid: 77c9f77cb19cd4552bacdc9a554731d9, type: 2}
      propertyPath: m_LocalPosition.x
      value: 2.55539989
      objectReference: {fileID: 0}
    - target: {fileID: 400000, guid: 77c9f77cb19cd4552bacdc9a554731d9, type: 2}
      propertyPath: m_LocalPosition.y
      value: .426239997
      objectReference: {fileID: 0}
    - target: {fileID: 400000, guid: 77c9f77cb19cd4552bacdc9a554731d9, type: 2}
      propertyPath: m_LocalPosition.z
      value: 0
      objectReference: {fileID: 0}
    - target: {fileID: 400000, guid: 77c9f77cb19cd4552bacdc9a554731d9, type: 2}
      propertyPath: m_LocalRotation.x
      value: 0
      objectReference: {fileID: 0}
    - target: {fileID: 400000, guid: 77c9f77cb19cd4552bacdc9a554731d9, type: 2}
      propertyPath: m_LocalRotation.y
      value: 0
      objectReference: {fileID: 0}
    - target: {fileID: 400000, guid: 77c9f77cb19cd4552bacdc9a554731d9, type: 2}
      propertyPath: m_LocalRotation.z
      value: 0
      objectReference: {fileID: 0}
    - target: {fileID: 400000, guid: 77c9f77cb19cd4552bacdc9a554731d9, type: 2}
      propertyPath: m_LocalRotation.w
      value: 1
      objectReference: {fileID: 0}
    - target: {fileID: 400000, guid: 77c9f77cb19cd4552bacdc9a554731d9, type: 2}
      propertyPath: m_RootOrder
      value: 0
      objectReference: {fileID: 0}
    m_RemovedComponents: []
  m_ParentPrefab: {fileID: 100100000, guid: 77c9f77cb19cd4552bacdc9a554731d9, type: 2}
  m_IsPrefabParent: 0
--- !u!1001 &1933262725
Prefab:
  m_ObjectHideFlags: 0
  serializedVersion: 2
  m_Modification:
    m_TransformParent: {fileID: 1151405978}
    m_Modifications:
    - target: {fileID: 400000, guid: c1944f83006f44213b66bf69c53d932a, type: 2}
      propertyPath: m_LocalPosition.x
      value: -1.87189996
      objectReference: {fileID: 0}
    - target: {fileID: 400000, guid: c1944f83006f44213b66bf69c53d932a, type: 2}
      propertyPath: m_LocalPosition.y
      value: -1.53929996
      objectReference: {fileID: 0}
    - target: {fileID: 400000, guid: c1944f83006f44213b66bf69c53d932a, type: 2}
      propertyPath: m_LocalPosition.z
      value: 0
      objectReference: {fileID: 0}
    - target: {fileID: 400000, guid: c1944f83006f44213b66bf69c53d932a, type: 2}
      propertyPath: m_LocalRotation.x
      value: 0
      objectReference: {fileID: 0}
    - target: {fileID: 400000, guid: c1944f83006f44213b66bf69c53d932a, type: 2}
      propertyPath: m_LocalRotation.y
      value: 0
      objectReference: {fileID: 0}
    - target: {fileID: 400000, guid: c1944f83006f44213b66bf69c53d932a, type: 2}
      propertyPath: m_LocalRotation.z
      value: 0
      objectReference: {fileID: 0}
    - target: {fileID: 400000, guid: c1944f83006f44213b66bf69c53d932a, type: 2}
      propertyPath: m_LocalRotation.w
      value: 1
      objectReference: {fileID: 0}
    - target: {fileID: 400000, guid: c1944f83006f44213b66bf69c53d932a, type: 2}
      propertyPath: m_RootOrder
      value: 2
      objectReference: {fileID: 0}
    m_RemovedComponents: []
  m_ParentPrefab: {fileID: 100100000, guid: c1944f83006f44213b66bf69c53d932a, type: 2}
  m_IsPrefabParent: 0
--- !u!1 &1980191555
GameObject:
  m_ObjectHideFlags: 0
  m_PrefabParentObject: {fileID: 0}
  m_PrefabInternal: {fileID: 0}
  serializedVersion: 4
  m_Component:
  - 224: {fileID: 1980191556}
  - 223: {fileID: 1980191558}
  - 114: {fileID: 1980191557}
  m_Layer: 5
  m_Name: Canvas
  m_TagString: Untagged
  m_Icon: {fileID: 0}
  m_NavMeshLayer: 0
  m_StaticEditorFlags: 0
  m_IsActive: 1
--- !u!224 &1980191556
RectTransform:
  m_ObjectHideFlags: 0
  m_PrefabParentObject: {fileID: 0}
  m_PrefabInternal: {fileID: 0}
  m_GameObject: {fileID: 1980191555}
  m_LocalRotation: {x: 0, y: 0, z: 0, w: 1}
  m_LocalPosition: {x: 0, y: 0, z: 0}
  m_LocalScale: {x: 0, y: 0, z: 0}
  m_Children:
  - {fileID: 1357023633}
  m_Father: {fileID: 1021853645}
  m_RootOrder: 0
  m_AnchorMin: {x: 0, y: 0}
  m_AnchorMax: {x: 0, y: 0}
  m_AnchoredPosition: {x: 0, y: 0}
  m_SizeDelta: {x: 0, y: 0}
  m_Pivot: {x: 0, y: 0}
--- !u!114 &1980191557
MonoBehaviour:
  m_ObjectHideFlags: 0
  m_PrefabParentObject: {fileID: 0}
  m_PrefabInternal: {fileID: 0}
  m_GameObject: {fileID: 1980191555}
  m_Enabled: 1
  m_EditorHideFlags: 0
  m_Script: {fileID: 1301386320, guid: f5f67c52d1564df4a8936ccd202a3bd8, type: 3}
  m_Name: 
  m_EditorClassIdentifier: 
  m_IgnoreReversedGraphics: 1
  m_BlockingObjects: 0
  m_BlockingMask:
    serializedVersion: 2
    m_Bits: 4294967295
--- !u!223 &1980191558
Canvas:
  m_ObjectHideFlags: 0
  m_PrefabParentObject: {fileID: 0}
  m_PrefabInternal: {fileID: 0}
  m_GameObject: {fileID: 1980191555}
  m_Enabled: 1
  serializedVersion: 2
  m_RenderMode: 1
  m_Camera: {fileID: 424898613}
  m_PlaneDistance: 1
  m_PixelPerfect: 0
  m_ReceivesEvents: 1
  m_OverrideSorting: 0
  m_OverridePixelPerfect: 0
  m_SortingLayerID: 0
  m_SortingOrder: 1000
--- !u!1 &1989356352
GameObject:
  m_ObjectHideFlags: 0
  m_PrefabParentObject: {fileID: 100024, guid: 219fd5deb41ea4d69b1a0faa87527f67, type: 2}
  m_PrefabInternal: {fileID: 0}
  serializedVersion: 4
  m_Component:
  - 224: {fileID: 1989356353}
  - 222: {fileID: 1989356355}
  - 114: {fileID: 1989356354}
  m_Layer: 5
  m_Name: SpeakerName
  m_TagString: Untagged
  m_Icon: {fileID: 0}
  m_NavMeshLayer: 0
  m_StaticEditorFlags: 0
  m_IsActive: 1
--- !u!224 &1989356353
RectTransform:
  m_ObjectHideFlags: 0
  m_PrefabParentObject: {fileID: 22400022, guid: 219fd5deb41ea4d69b1a0faa87527f67,
    type: 2}
  m_PrefabInternal: {fileID: 0}
  m_GameObject: {fileID: 1989356352}
  m_LocalRotation: {x: 0, y: 0, z: 0, w: 1}
  m_LocalPosition: {x: 0, y: 0, z: 0}
  m_LocalScale: {x: 1, y: 1, z: 1}
  m_Children: []
  m_Father: {fileID: 1057021074}
  m_RootOrder: 2
  m_AnchorMin: {x: .5, y: .5}
  m_AnchorMax: {x: .5, y: .5}
  m_AnchoredPosition: {x: -133.100006, y: 32.2000008}
  m_SizeDelta: {x: 130, y: 30}
  m_Pivot: {x: .5, y: .5}
--- !u!114 &1989356354
MonoBehaviour:
  m_ObjectHideFlags: 0
  m_PrefabParentObject: {fileID: 11400024, guid: 219fd5deb41ea4d69b1a0faa87527f67,
    type: 2}
  m_PrefabInternal: {fileID: 0}
  m_GameObject: {fileID: 1989356352}
  m_Enabled: 1
  m_EditorHideFlags: 0
  m_Script: {fileID: 708705254, guid: f5f67c52d1564df4a8936ccd202a3bd8, type: 3}
  m_Name: 
  m_EditorClassIdentifier: 
  m_Material: {fileID: 0}
  m_Color: {r: 1, g: 1, b: 1, a: 1}
  m_FontData:
    m_Font: {fileID: 12800000, guid: 22ee1a0226b78474b80282a9c36e6273, type: 3}
    m_FontSize: 25
    m_FontStyle: 0
    m_BestFit: 0
    m_MinSize: 10
    m_MaxSize: 40
    m_Alignment: 0
    m_RichText: 1
    m_HorizontalOverflow: 0
    m_VerticalOverflow: 0
    m_LineSpacing: 1
  m_Text: Prof. Sandtraps
--- !u!222 &1989356355
CanvasRenderer:
  m_ObjectHideFlags: 0
  m_PrefabParentObject: {fileID: 22200022, guid: 219fd5deb41ea4d69b1a0faa87527f67,
    type: 2}
  m_PrefabInternal: {fileID: 0}
  m_GameObject: {fileID: 1989356352}
--- !u!1001 &1996760460
Prefab:
  m_ObjectHideFlags: 0
  serializedVersion: 2
  m_Modification:
    m_TransformParent: {fileID: 1151405978}
    m_Modifications:
    - target: {fileID: 400000, guid: a599c43ee6d174a5bbc0a3486588b558, type: 2}
      propertyPath: m_LocalPosition.x
      value: .066866003
      objectReference: {fileID: 0}
    - target: {fileID: 400000, guid: a599c43ee6d174a5bbc0a3486588b558, type: 2}
      propertyPath: m_LocalPosition.y
      value: -4.14900017
      objectReference: {fileID: 0}
    - target: {fileID: 400000, guid: a599c43ee6d174a5bbc0a3486588b558, type: 2}
      propertyPath: m_LocalPosition.z
      value: 0
      objectReference: {fileID: 0}
    - target: {fileID: 400000, guid: a599c43ee6d174a5bbc0a3486588b558, type: 2}
      propertyPath: m_LocalRotation.x
      value: 0
      objectReference: {fileID: 0}
    - target: {fileID: 400000, guid: a599c43ee6d174a5bbc0a3486588b558, type: 2}
      propertyPath: m_LocalRotation.y
      value: 0
      objectReference: {fileID: 0}
    - target: {fileID: 400000, guid: a599c43ee6d174a5bbc0a3486588b558, type: 2}
      propertyPath: m_LocalRotation.z
      value: 0
      objectReference: {fileID: 0}
    - target: {fileID: 400000, guid: a599c43ee6d174a5bbc0a3486588b558, type: 2}
      propertyPath: m_LocalRotation.w
      value: 1
      objectReference: {fileID: 0}
    - target: {fileID: 400000, guid: a599c43ee6d174a5bbc0a3486588b558, type: 2}
      propertyPath: m_RootOrder
      value: 5
      objectReference: {fileID: 0}
    - target: {fileID: 100000, guid: a599c43ee6d174a5bbc0a3486588b558, type: 2}
      propertyPath: m_Name
      value: ProfDoorInside
      objectReference: {fileID: 0}
    - target: {fileID: 11400000, guid: a599c43ee6d174a5bbc0a3486588b558, type: 2}
      propertyPath: destinationName
      value: ProfDoorOutside
      objectReference: {fileID: 0}
    - target: {fileID: 11400000, guid: a599c43ee6d174a5bbc0a3486588b558, type: 2}
      propertyPath: sceneName
      value: Outside
      objectReference: {fileID: 0}
    - target: {fileID: 6100000, guid: a599c43ee6d174a5bbc0a3486588b558, type: 2}
      propertyPath: m_Size.y
      value: .275378346
      objectReference: {fileID: 0}
    - target: {fileID: 6100000, guid: a599c43ee6d174a5bbc0a3486588b558, type: 2}
      propertyPath: m_Center.y
      value: .137689114
      objectReference: {fileID: 0}
    - target: {fileID: 11400000, guid: a599c43ee6d174a5bbc0a3486588b558, type: 2}
      propertyPath: offset.y
      value: .970000029
      objectReference: {fileID: 0}
    m_RemovedComponents: []
  m_ParentPrefab: {fileID: 100100000, guid: a599c43ee6d174a5bbc0a3486588b558, type: 2}
  m_IsPrefabParent: 0
