%YAML 1.1
%TAG !u! tag:unity3d.com,2011:
--- !u!1 &100000
GameObject:
  m_ObjectHideFlags: 0
  m_PrefabParentObject: {fileID: 0}
  m_PrefabInternal: {fileID: 100100000}
  serializedVersion: 4
  m_Component:
  - 4: {fileID: 400000}
  - 33: {fileID: 3300000}
  - 23: {fileID: 2300000}
  - 114: {fileID: 11400000}
  - 68: {fileID: 6800000}
  m_Layer: 0
  m_Name: RoomPoly
  m_TagString: Untagged
  m_Icon: {fileID: 0}
  m_NavMeshLayer: 0
  m_StaticEditorFlags: 0
  m_IsActive: 1
--- !u!4 &400000
Transform:
  m_ObjectHideFlags: 1
  m_PrefabParentObject: {fileID: 0}
  m_PrefabInternal: {fileID: 100100000}
  m_GameObject: {fileID: 100000}
  m_LocalRotation: {x: 0, y: 0, z: 0, w: 1}
  m_LocalPosition: {x: .0976509973, y: -1.36740005, z: .0564289987}
  m_LocalScale: {x: 1, y: 1, z: 1}
  m_Children: []
  m_Father: {fileID: 0}
  m_RootOrder: 0
--- !u!23 &2300000
MeshRenderer:
  m_ObjectHideFlags: 1
  m_PrefabParentObject: {fileID: 0}
  m_PrefabInternal: {fileID: 100100000}
  m_GameObject: {fileID: 100000}
  m_Enabled: 1
  m_CastShadows: 1
  m_ReceiveShadows: 1
  m_Materials:
  - {fileID: 2100000, guid: 5804d79be14904f04a3272d26096f347, type: 2}
  - {fileID: 2100000, guid: b5a46d770717d49fcbefc76798f20e53, type: 2}
  m_SubsetIndices: 
  m_StaticBatchRoot: {fileID: 0}
  m_UseLightProbes: 0
  m_ReflectionProbeUsage: 1
  m_ProbeAnchor: {fileID: 0}
  m_ScaleInLightmap: 1
  m_PreserveUVs: 0
  m_ImportantGI: 0
  m_AutoUVMaxDistance: .5
  m_AutoUVMaxAngle: 89
  m_LightmapParameters: {fileID: 0}
  m_SortingLayerID: -470740579
  m_SortingOrder: 0
--- !u!33 &3300000
MeshFilter:
  m_ObjectHideFlags: 1
  m_PrefabParentObject: {fileID: 0}
  m_PrefabInternal: {fileID: 100100000}
  m_GameObject: {fileID: 100000}
  m_Mesh: {fileID: 0}
--- !u!68 &6800000
EdgeCollider2D:
  m_ObjectHideFlags: 1
  m_PrefabParentObject: {fileID: 0}
  m_PrefabInternal: {fileID: 100100000}
  m_GameObject: {fileID: 100000}
  m_Enabled: 1
  m_Material: {fileID: 0}
  m_IsTrigger: 0
  m_UsedByEffector: 0
  m_Offset: {x: 0, y: 0}
  m_Points:
  - {x: .236968517, y: 3.3872242}
  - {x: .18994236, y: 6.31151628}
  - {x: 3.39475656, y: 6.31895447}
  - {x: 3.39748883, y: -2.0326128}
  - {x: .350348592, y: -2.03302479}
  - {x: .349095106, y: -2.6520319}
  - {x: -.442571282, y: -2.6521349}
  - {x: -.444668293, y: -2.03343725}
  - {x: -3.35846972, y: -2.03426123}
  - {x: -3.41648412, y: 3.38200712}
  - {x: .236968517, y: 3.3872242}
--- !u!114 &11400000
MonoBehaviour:
  m_ObjectHideFlags: 1
  m_PrefabParentObject: {fileID: 0}
  m_PrefabInternal: {fileID: 100100000}
  m_GameObject: {fileID: 100000}
  m_Enabled: 1
  m_EditorHideFlags: 0
  m_Script: {fileID: 11500000, guid: 03f847f9ec65d4b99bcc7422fcc4635b, type: 3}
  m_Name: 
  m_EditorClassIdentifier: 
  closed: 1
  solid: 0
  addCollider: 1
  points:
  - position: {x: .236968517, y: 3.3872242, z: 0}
    inTangent: {x: .251787186, y: .967782736, z: 0}
    outTangent: {x: -.251787186, y: -.967782736, z: 0}
    color: {r: 1, g: 1, b: 1, a: 1}
    size: 1
  - position: {x: .18994236, y: 6.31151628, z: 0}
    inTangent: {x: -.718164861, y: -.695873082, z: 0}
    outTangent: {x: .718164861, y: .695873082, z: 0}
    color: {r: 1, g: 1, b: 1, a: 1}
    size: 1
  - position: {x: 3.39475656, y: 6.31895447, z: 0}
    inTangent: {x: 1, y: .000243902206, z: 0}
    outTangent: {x: -1, y: -.000244140625, z: 0}
    color: {r: 1, g: 1, b: 1, a: 1}
    size: 1
  - position: {x: 3.39748883, y: -2.0326128, z: 0}
    inTangent: {x: .800634861, y: .599152803, z: 0}
    outTangent: {x: -.800634801, y: -.599152803, z: 0}
    color: {r: 1, g: 1, b: 1, a: 1}
    size: 1
  - position: {x: .350348592, y: -2.03302479, z: 0}
    inTangent: {x: .999999881, y: .0002439253, z: 0}
    outTangent: {x: -1, y: -.000244066454, z: 0}
    color: {r: 1, g: 1, b: 1, a: 1}
    size: 1
  - position: {x: .349095106, y: -2.6520319, z: 0}
    inTangent: {x: .800634801, y: .599152744, z: 0}
    outTangent: {x: -.800634801, y: -.599152744, z: 0}
    color: {r: 1, g: 1, b: 1, a: 1}
    size: 1
  - position: {x: -.442571282, y: -2.6521349, z: 0}
    inTangent: {x: .999999881, y: .000497303903, z: 0}
    outTangent: {x: -.999999881, y: -.000497303903, z: 0}
    color: {r: 1, g: 1, b: 1, a: 1}
    size: 1
  - position: {x: -.444668293, y: -2.03343725, z: 0}
    inTangent: {x: -1.54251981, y: .000243995877, z: 0}
    outTangent: {x: -1, y: -.000243995877, z: 0}
    color: {r: 1, g: 1, b: 1, a: 1}
    size: 1
  - position: {x: -3.35846972, y: -2.03426123, z: 0}
    inTangent: {x: 1, y: 0, z: 0}
    outTangent: {x: 1, y: 0, z: 0}
    color: {r: 1, g: 1, b: 1, a: 1}
    size: 1
  - position: {x: -3.41648412, y: 3.38200712, z: 0}
    inTangent: {x: 1, y: 0, z: 0}
    outTangent: {x: 1, y: 0, z: 0}
    color: {r: 1, g: 1, b: 1, a: 1}
    size: 1
  subdivisions: 0
  sortingLayerName: background
  sortingOrder: 0
  curveType: 0
  meshLayers:
  - name: walls
    layerType: 1
    seed: 0
    posOffset: {x: 0, y: 0, z: 0}
    dirOffset: 0
    spacing: 1
    positionVariation: 0
    placementFrequency: 1
    allowOverflow: 0
    followPath: 0
    alternateAngles: 0
    angle: 0
    angleVariation: 0
    naturalAngle: 90
    angularPlacementRange: .569999993
    size: 1
    sizeVariation: 0
    color: {r: 1, g: 1, b: 1, a: 1}
    hueVariation: 0
    saturationVariation: 0
    valueVariation: 0
    alphaVariation: 0
    sprite: {fileID: 21300002, guid: 242978bbe0b7345588b3422a401f7bd9, type: 3}
    materialIndex: 1
    minTileSize: 100
    outerJoinType: 3
    innerJoinType: 2
    allowStretching: 1
    isTrigger: 0
  - name: floor
    layerType: 3
    seed: 0
    posOffset: {x: 0, y: 0, z: 0}
    dirOffset: 0
    spacing: .00999999978
    positionVariation: 0
    placementFrequency: 0
    allowOverflow: 0
    followPath: 0
    alternateAngles: 0
    angle: 0
    angleVariation: 0
    naturalAngle: 0
    angularPlacementRange: 0
    size: 1
    sizeVariation: 0
    color: {r: 1, g: 1, b: 1, a: 1}
    hueVariation: 0
    saturationVariation: 0
    valueVariation: 0
    alphaVariation: 0
    sprite: {fileID: 0}
    materialIndex: 0
    minTileSize: 100
    outerJoinType: 0
    innerJoinType: 0
    allowStretching: 1
    isTrigger: 0
  objectLayers: []
--- !u!1001 &100100000
Prefab:
  m_ObjectHideFlags: 1
  serializedVersion: 2
  m_Modification:
    m_TransformParent: {fileID: 0}
    m_Modifications: []
    m_RemovedComponents: []
  m_ParentPrefab: {fileID: 0}
  m_RootGameObject: {fileID: 100000}
  m_IsPrefabParent: 1
